@customf{cfca,
  addendum={2017 Global Fraud Loss SurveyCFCA, \\
  https://zh.scribd.com/document/368471387/2017-Global-Fraud-Loss-Survey-CFCA-pdf.},
}
@customf{caict,
  addendum={信息通信行业防范打击通讯信息诈骗白皮书（2018），\\
  http://www.caict.ac.cn/kxyj/qwfb/bps/201807/P020180711616875493434.pdf.},
}
@customf{2017,
  addendum={2017年中国反通讯网络诈骗报告， \\
  https://gw.alicdn.com/bao/uploaded/LB16jHhkhPI8KJjSspfXXcCFXXa.pdf.},
}
@customf{dailymail,
  addendum={Taliban Using Skype Phones to Dodge MI6, The Daily Mail, \\
  https://www.dailymail.co.uk/news/article-1055611/Taliban-using-Skype-phones-dodge-MI6.html.},
}
@customf{timesofindia,
  addendum={Lashkars own Skype frazzles Indian intelligence, Times of India, \\
  https://timesofindia.indiatimes.com/india/Lashkars-own-Skype-frazzles-Indian-intelligence/articleshow/12934037.cms.},
}
@customf{rtppt,
  addendum={Real-Time Transport Protocol (RTP) Parameters, \\
  https://www.iana.org/assignments/rtp-parameters/rtp-parameters.xhtml.},
}
@phdthesis{characteristics,
  title={Analysing the characteristics of VoIP traffic},
  author={He, Qinxia},
  year={2007}
}
@article{1,
  title={The Applications of Deep Learning on Traffic Identification},
  author={Wang, Zhanyi},
  year={2015}
}

@article{2,
  title={A generic technique for Voice over Internet Protocol (VoIP) traffic detection},
  author={Idrees, Fauzia and Aslam, Uzma},
  year={2008}
}

@inproceedings{3,
  title={VoIP traffic classification in IPSec tunnels},
  author={Yildirim, Taner and Radcliffe, P. J.},
  booktitle={International Conference on Electronics and Information Engineering},
  pages={V1-151 - V1-157},
  year={2010},
 keywords={Machine Learning;VoIP;IPSec;Tunnelled Traffic}
}

@article{4,
  title={Identification of Peer-to-Peer VoIP Sessions Using Entropy and Codec Properties},
  author={Gomes, Joao V. and Inacio, Pedro R. M. and Pereira, Manuela and Freire, Mario M. and Monteiro, Paulo P.},
  journal={IEEE Transactions on Parallel \& Distributed Systems},
  volume={24},
  number={10},
  pages={2004-2014},
  year={2013},
 keywords={SKYPE;CHALLENGES;PATTERNS}
}

@article{5,
  title={Identification of VoIP encrypted traffic using a machine learning approach},
  author={Alshammari, Riyad and Zincir-Heywood, A. Nur},
  journal={Journal of King Saud University - Computer and Information Sciences},
  volume={27},
  number={1},
  pages={77-92},
  year={2015},
 keywords={Machine learning;Encrypted traffic;Robustness;Network signatures}
}

@article{6,
  title={Gradient-based learning applied to document recognition},
  author={Lecun, Y. and Bottou, L. and Bengio, Y. and Haffner, P.},
  journal={Proceedings of the IEEE},
  volume={86},
  number={11},
  pages={2278-2324},
  year={1998},
 keywords={backpropagation;convolution;multilayer perceptrons;optical character recognition;2D shape variability;GTN;back-propagation;cheque reading;complex decision surface synthesis;convolutional neural network character recognizers}
}

@article{7,
  title={Learning representations by back-propagating errors.},
  author={Rumelhart, David E and Hinton, Geoffrey E and Williams, Ronald J},
  journal={Readings in Cognitive Science},
  volume={323},
  number={6088},
  pages={399-421},
  year={1988},
 keywords={CiteSeerX;citations;Learning representations by backpropagating errors. Nature 323;R J}
}

@inproceedings{8,
  title={ImageNet classification with deep convolutional neural networks},
  author={Krizhevsky, Alex and Sutskever, Ilya and Hinton, Geoffrey E.},
  booktitle={International Conference on Neural Information Processing Systems},
  pages={1097-1105},
  year={2012}
}

@article{9,
  title={Very Deep Convolutional Networks for Large-Scale Image Recognition},
  author={Simonyan, Karen and Zisserman, Andrew},
  journal={Computer Science},
  year={2014},
 keywords={Computer Science - Computer Vision and Pattern Recognition}
}

@inproceedings{10,
  title={Going deeper with convolutions},
  author={Szegedy, Christian and Liu, Wei and Jia, Yangqing and Sermanet, Pierre and Reed, Scott and Anguelov, Dragomir and Erhan, Dumitru and Vanhoucke, Vincent and Rabinovich, Andrew},
  booktitle={IEEE Conference on Computer Vision and Pattern Recognition},
  pages={1-9},
  year={2015},
 keywords={ieee computer society}
}

@inproceedings{11,
  title={Deep Residual Learning for Image Recognition},
  author={He, Kaiming and Zhang, Xiangyu and Ren, Shaoqing and Sun, Jian},
  booktitle={Computer Vision and Pattern Recognition},
  pages={770-778},
  year={2016},
 keywords={ieee computer society}
}
@article{12,
  title={An effective empirical approach to VoIP traffic classification},
  author={Saqib, Nazar Abbas and Shakeel, Yaqoot and Khan, Moazzam Ali and Mahmood, Hasan and Zia, Muhammad},
  journal={Turkish Journal of Electrical Engineering \& Computer Sciences},
  volume={25},
  number={2},
  pages={888-900},
  year={2017}
  }
@article{13,
  title={VoIP-aware network attack detection based on statistics and behavior of SIP traffic},
  author={Lee, Jonghan and Cho, Kyumin and Lee, ChangYong and Kim, Seungjoo},
  journal={Peer-to-Peer Networking and Applications},
  volume={8},
  number={5},
  pages={872--880},
  year={2015},
  publisher={Springer}
}
@inproceedings{14,
  title={Measurement of voice over IP traffic},
  author={Curtis, J and Cleary, J and McGregor, A and Pearson, M},
  booktitle={Passive and Active Measurement conference},
  year={2000}
}
@article{16,
  title={Research of SIP-based VoIP traffic identification methodology},
  author={Chen, Min and Zhang, Guang-Xing and Bi, Jing-Ping},
  journal={Appl. Res. Comp},
  volume={24},
  year={2007}
}
@article{15,
  title={Robust application identification methods for P2P and VoIP traffic classification in backbone networks},
  author={Qin, Tao and Wang, Lei and Liu, Zhaoli and Guan, Xiaohong},
  journal={Knowledge-Based Systems},
  volume={82},
  pages={152--162},
  year={2015},
  publisher={Elsevier}
}
@article{skype1,
  title={Detailed analysis of skype traffic},
  author={Bonfiglio, Dario and Mellia, Marco and Meo, Michela and Rossi, Dario},
  journal={IEEE Transactions on Multimedia},
  volume={11},
  number={1},
  pages={117--127},
  year={2009},
  publisher={IEEE}
}
@inproceedings{skype3,
  title={Sky-Scope: Skype application traffic identification system},
  author={Lee, Sung-Ho and Goo, Young-Hoon and Park, Jee-Tae and Ji, Se-Hyun and Kim, Myung-Sup},
  booktitle={Network Operations and Management Symposium (APNOMS), 2017 19th Asia-Pacific},
  pages={259--262},
  year={2017},
  organization={IEEE}
}
@article{skype2,
  title={Skype-Hunter: A real-time system for the detection and classification of Skype traffic},
  author={Adami, Davide and Callegari, Christian and Giordano, Stefano and Pagano, Michele and Pepe, Teresa},
  journal={International Journal of Communication Systems},
  volume={25},
  number={3},
  pages={386--403},
  year={2012},
  publisher={Wiley Online Library}
}
@article{17,
  title={A Joint Port and Statistical Analysis Based Technique to Detect Encrypted VoIP Traffic},
  author={Munir, Suneel and Majeed, Nadeem and Babu, Salaser and Bari, Irfan and Harry, Jackson and Masood, Zahid Ali},
  journal={International Journal of Computer Science and Information Security},
  volume={14},
  number={2},
  pages={117},
  year={2016},
  publisher={LJS Publishing}
}
@inproceedings{18,
  title={Accurate, scalable in-network identification of p2p traffic using application signatures},
  author={Sen, Subhabrata and Spatscheck, Oliver and Wang, Dongmei},
  booktitle={Proceedings of the 13th international conference on World Wide Web},
  pages={512--521},
  year={2004},
  organization={ACM}
}
@inproceedings{19,
  title={VoIP traffic identification based on host and flow behavior analysis},
  author={Li, Bing and Jin, Zhigang and Ma, Maode},
  booktitle={Wireless Communications Networking and Mobile Computing (WiCOM), 2010 6th International Conference on},
  pages={1--4},
  year={2010},
  organization={IEEE}
}
@inproceedings{20,
  title={High-speed network traffic analysis: detecting VoIP calls in secure big data streaming},
  author={Rathore, Mazhar and Paul, Anand and Ahmad, Awais and Imran, Muhammad and Guizani, Mohsen},
  booktitle={2016 IEEE 41st Conference on Local Computer Networks (LCN)},
  pages={595--598},
  year={2016},
  organization={IEEE}
}
@article{21,
  title={An effective empirical approach to VoIP traffic classification},
  author={Saqib, Nazar Abbas and SHAKEEL, YAQOOT and Khan, Moazzam Ali and MEHMOOD, HASAN and Zia, Muhammad},
  journal={Turkish Journal of Electrical Engineering \& Computer Sciences},
  volume={25},
  number={2},
  pages={888--900},
  year={2017},
  publisher={The Scientific and Technological Research Council of Turkey}
}
@article{22,
  title={Robust application identification methods for P2P and VoIP traffic classification in backbone networks},
  author={Qin, Tao and Wang, Lei and Liu, Zhaoli and Guan, Xiaohong},
  journal={Knowledge-Based Systems},
  volume={82},
  pages={152--162},
  year={2015},
  publisher={Elsevier}
}
@inproceedings{clnn,
  title={Convolutional, long short-term memory, fully connected deep neural networks},
  author={Sainath, Tara N and Vinyals, Oriol and Senior, Andrew and Sak, Ha{\c{s}}im},
  booktitle={Acoustics, Speech and Signal Processing (ICASSP), 2015 IEEE International Conference on},
  pages={4580--4584},
  year={2015},
  organization={IEEE}
}
@article{lstm,
  title={Long short-term memory},
  author={Hochreiter, Sepp and Schmidhuber, J{\"u}rgen},
  journal={Neural computation},
  volume={9},
  number={8},
  pages={1735--1780},
  year={1997},
  publisher={MIT Press}
}
@article{lstmforgetgate,
  title={Learning to forget: Continual prediction with LSTM},
  author={Gers, Felix A and Schmidhuber, J{\"u}rgen and Cummins, Fred},
  year={1999},
  publisher={IET}
}
@phdthesis{lstmpeephole,
  title={Long short-term memory in recurrent neural networks},
  author={Gers, Felix},
  year={2001},
  school={Verlag nicht ermittelbar}
}
@article{gru,
  title={Learning phrase representations using RNN encoder-decoder for statistical machine translation},
  author={Cho, Kyunghyun and Van Merri{\"e}nboer, Bart and Gulcehre, Caglar and Bahdanau, Dzmitry and Bougares, Fethi and Schwenk, Holger and Bengio, Yoshua},
  journal={arXiv preprint arXiv:1406.1078},
  year={2014}
}



@customf{statistics1,
  addendum={Number of available applications in the google play store[EB/OL]. \\
  www.statista.com/statistics/266210/number-of-available-applications-in-the-google-play-store.},
}
@customf{statistics2,
  addendum={Global Mobile Data Traffic Forecast[EB/OL]. \\
  www.statista.com/statistics/271405/global-mobile-data-traffic-forecast.},
}
@customf{statistics3,
  addendum={Statistical Report on China's Internet Development[EB/OL]. \\
  http://www.cnnic.net.cn/hlwfzyj/hlwxzbg/hlwtjbg/.},
}
@customf{l7filter,
  addendum={l7-filter[EB/OL]. \\
  http://l7-filter.sourceforge.net.},
}
@customf{monkey,
  addendum={Android Tool Monkey[EB/OL]. \\
  https://developer.android.com/studio/test/monkey.html.},
}
@customf{monkeyrunner,
  addendum={Android Tool Monkeyrunner[EB/OL]. \\
  https://developer.android.com/studio/test/monkeyrunner/index.html.},
}
@article{bujlow2015independent,
  title={Independent comparison of popular DPI tools for traffic classification[J]},
  author={Bujlow, Tomasz and Carela-Espa{\~n}ol, Valent{\'\i}n and Barlet-Ros, Pere},
  journal={Computer Networks},
  volume={76},
  pages={75--89},
  year={2015},
  publisher={Elsevier}
}
@inproceedings{vasiliadis2014gaspp,
  title={GASPP: A GPU-Accelerated Stateful Packet Processing Framework[C].},
  author={Vasiliadis, Giorgos and Koromilas, Lazaros and Polychronakis, Michalis and Ioannidis, Sotiris},
  booktitle={USENIX Annual Technical Conference},
  pages={321--332},
  year={2014}
}
@inproceedings{ikeuchi2013gpu,
  title={GPU-based multi-stream analyzer on application layer for service-oriented router[C]},
  author={Ikeuchi, Kazumasa and Wijekoon, Janaka and Ishida, Shinichi and Nishi, Hiroaki},
  booktitle={Embedded Multicore Socs (MCSoC), 2013 IEEE 7th International Symposium on},
  pages={171--176},
  year={2013},
  organization={IEEE}
}
@inproceedings{schatzmann2010digging,
  title={Digging into HTTPS: flow-based classification of webmail traffic[C]},
  author={Schatzmann, Dominik and M{\"u}hlbauer, Wolfgang and Spyropoulos, Thrasyvoulos and Dimitropoulos, Xenofontas},
  booktitle={Proceedings of the 10th ACM SIGCOMM conference on Internet measurement},
  pages={322--327},
  year={2010},
  organization={ACM}
}
@inproceedings{yao2015samples,
  title={Samples: Self adaptive mining of persistent lexical snippets for classifying mobile application traffic[C]},
  author={Yao, Hongyi and Ranjan, Gyan and Tongaonkar, Alok and Liao, Yong and Mao, Zhuoqing Morley},
  booktitle={Proceedings of the 21st Annual International Conference on Mobile Computing and Networking},
  pages={439--451},
  year={2015},
  organization={ACM}
}
@inproceedings{ranjan2016approximate,
  title={Approximate matching of persistent LExicon using search-engines for classifying Mobile app traffic[C]},
  author={Ranjan, Gyan and Tongaonkar, Alok and Torres, Ruben},
  booktitle={Computer Communications, IEEE INFOCOM 2016-The 35th Annual IEEE International Conference on},
  pages={1--9},
  year={2016},
  organization={IEEE}
}
@inproceedings{wang2016whatapp,
  title={WhatApp: Modeling mobile applications by domain names[C]},
  author={Wang, Wei and Bickford, Jeffrey},
  booktitle={Wireless and Mobile Computing, Networking and Communications (WiMob), 2016 IEEE 12th International Conference on},
  pages={1--10},
  year={2016},
  organization={IEEE}
}
@inproceedings{alan2016can,
  title={Can Android Applications Be Identified Using Only TCP/IP Headers of Their Launch Time Traffic?[C]},
  author={Alan, Hasan Faik and Kaur, Jasleen},
  booktitle={Proceedings of the 9th ACM Conference on Security \& Privacy in Wireless and Mobile Networks},
  pages={61--66},
  year={2016},
  organization={ACM}
}
@inproceedings{sun2002statistical,
  title={Statistical identification of encrypted web browsing traffic[C]},
  author={Sun, Qixiang and Simon, Daniel R and Wang, Yi-Min and Russell, Wilf and Padmanabhan, Venkata N and Qiu, Lili},
  booktitle={Security and Privacy, 2002. Proceedings. 2002 IEEE Symposium on},
  pages={19--30},
  year={2002},
  organization={IEEE}
}
@inproceedings{liberatore2006inferring,
  title={Inferring the source of encrypted HTTP connections[C]},
  author={Liberatore, Marc and Levine, Brian Neil},
  booktitle={Proceedings of the 13th ACM conference on Computer and communications security},
  pages={255--263},
  year={2006},
  organization={ACM}
}
@inproceedings{herrmann2009website,
  title={Website fingerprinting: attacking popular privacy enhancing technologies with the multinomial na{\"\i}ve-bayes classifier[C]},
  author={Herrmann, Dominik and Wendolsky, Rolf and Federrath, Hannes},
  booktitle={Proceedings of the 2009 ACM workshop on Cloud computing security},
  pages={31--42},
  year={2009},
  organization={ACM}
}
@inproceedings{abdel2012applying,
  title={Applying convolutional neural networks concepts to hybrid NN-HMM model for speech recognition[C]},
  author={Abdel-Hamid, Ossama and Mohamed, Abdel-rahman and Jiang, Hui and Penn, Gerald},
  booktitle={Acoustics, Speech and Signal Processing (ICASSP), 2012 IEEE International Conference on},
  pages={4277--4280},
  year={2012},
  organization={IEEE}
}
@article{abdel2014convolutional,
  title={Convolutional neural networks for speech recognition[J]},
  author={Abdel-Hamid, Ossama and Mohamed, Abdel-rahman and Jiang, Hui and Deng, Li and Penn, Gerald and Yu, Dong},
  journal={IEEE/ACM Transactions on audio, speech, and language processing},
  volume={22},
  number={10},
  pages={1533--1545},
  year={2014},
  publisher={IEEE}
}
@inproceedings{tongaonkar2013understanding,
  title={Understanding mobile app usage patterns using in-app advertisements[C]},
  author={Tongaonkar, Alok and Dai, Shuaifu and Nucci, Antonio and Song, Dawn},
  booktitle={International Conference on Passive and Active Network Measurement},
  pages={63--72},
  year={2013},
  organization={Springer}
}
@inproceedings{dai2013networkprofiler,
  title={Networkprofiler: Towards automatic fingerprinting of android apps[C]},
  author={Dai, Shuaifu and Tongaonkar, Alok and Wang, Xiaoyin and Nucci, Antonio and Song, Dawn},
  booktitle={INFOCOM, 2013 Proceedings IEEE},
  pages={809--817},
  year={2013},
  organization={IEEE}
}
@inproceedings{xu2011identifying,
  title={Identifying diverse usage behaviors of smartphone apps[C]},
  author={Xu, Qiang and Erman, Jeffrey and Gerber, Alexandre and Mao, Zhuoqing and Pang, Jeffrey and Venkataraman, Shobha},
  booktitle={Proceedings of the 2011 ACM SIGCOMM conference on Internet measurement conference},
  pages={329--344},
  year={2011},
  organization={ACM}
}
@article{xu2014flowr,
  title={FLOWR: a self-learning system for classifying mobileapplication traffic[J]},
  author={Xu, Qiang and Andrews, Thomas and Liao, Yong and Miskovic, Stanislav and Mao, Z Morley and Baldi, Mario and Nucci, Antonio},
  journal={ACM SIGMETRICS Performance Evaluation Review},
  volume={42},
  number={1},
  pages={569--570},
  year={2014},
  publisher={ACM}
}
@inproceedings{xu2015automatic,
  title={Automatic generation of mobile app signatures from traffic observations[C]},
  author={Xu, Qiang and Liao, Yong and Miskovic, Stanislav and Mao, Z Morley and Baldi, Mario and Nucci, Antonio and Andrews, Thomas},
  booktitle={Computer Communications (INFOCOM), 2015 IEEE Conference on},
  pages={1481--1489},
  year={2015},
  organization={IEEE}
}
@inproceedings{le2015antmonitor,
  title={AntMonitor: A system for monitoring from mobile devices[C]},
  author={Le, Anh and Varmarken, Janus and Langhoff, Simon and Shuba, Anastasia and Gjoka, Minas and Markopoulou, Athina},
  booktitle={Proceedings of the 2015 ACM SIGCOMM Workshop on Crowdsourcing and Crowdsharing of Big (Internet) Data},
  pages={15--20},
  year={2015},
  organization={ACM}
}
@inproceedings{sen2004accurate,
  title={Accurate, scalable in-network identification of p2p traffic using application signatures[C]},
  author={Sen, Subhabrata and Spatscheck, Oliver and Wang, Dongmei},
  booktitle={Proceedings of the 13th international conference on World Wide Web},
  pages={512--521},
  year={2004},
  organization={ACM}
}
@inproceedings{zhang2014proword,
  title={Proword: an unsupervised approach to protocol feature word extraction[C]},
  author={Zhang, Zhuo and Zhang, Zhibin and Lee, Patrick PC and Liu, Yunjie and Xie, Gaogang},
  booktitle={INFOCOM, 2014 Proceedings IEEE},
  pages={1393--1401},
  year={2014},
  organization={IEEE}
}
@article{yun2016semantics,
  title={A semantics-aware approach to the automated network protocol identification[J]},
  author={Yun, Xiaochun and Wang, Yipeng and Zhang, Yongzheng and Zhou, Yu},
  journal={IEEE/ACM Transactions on Networking (TON)},
  volume={24},
  number={1},
  pages={583--595},
  year={2016},
  publisher={IEEE Press}
}
@inproceedings{karagiannis2004transport,
  title={Transport layer identification of P2P traffic[C]},
  author={Karagiannis, Thomas and Broido, Andre and Faloutsos, Michalis and others},
  booktitle={Proceedings of the 4th ACM SIGCOMM conference on Internet measurement},
  pages={121--134},
  year={2004},
  organization={ACM}
}
@inproceedings{karagiannis2005blinc,
  title={BLINC: multilevel traffic classification in the dark[C]},
  author={Karagiannis, Thomas and Papagiannaki, Konstantina and Faloutsos, Michalis},
  booktitle={ACM SIGCOMM Computer Communication Review},
  volume={35},
  number={4},
  pages={229--240},
  year={2005},
  organization={ACM}
}
@inproceedings{moore2005internet,
  title={Internet traffic classification using bayesian analysis techniques[C]},
  author={Moore, Andrew W and Zuev, Denis},
  booktitle={ACM SIGMETRICS Performance Evaluation Review},
  volume={33},
  number={1},
  pages={50--60},
  year={2005},
  organization={ACM}
}
@article{auld2007bayesian,
  title={Bayesian neural networks for internet traffic classification[J]},
  author={Auld, Tom and Moore, Andrew W and Gull, Stephen F},
  journal={IEEE Transactions on neural networks},
  volume={18},
  number={1},
  pages={223--239},
  year={2007},
  publisher={IEEE}
}
@article{li2009efficient,
  title={Efficient application identification and the temporal and spatial stability of classification schema[J]},
  author={Li, Wei and Canini, Marco and Moore, Andrew W and Bolla, Raffaele},
  journal={Computer Networks},
  volume={53},
  number={6},
  pages={790--809},
  year={2009},
  publisher={Elsevier}
}
@article{este2009support,
  title={Support vector machines for TCP traffic classification[J]},
  author={Este, Alice and Gringoli, Francesco and Salgarelli, Luca},
  journal={Computer Networks},
  volume={53},
  number={14},
  pages={2476--2490},
  year={2009},
  publisher={Elsevier}
}
@article{bernaille2006traffic,
  title={Traffic classification on the fly[C]},
  author={Bernaille, Laurent and Teixeira, Renata and Akodkenou, Ismael and Soule, Augustin and Salamatian, Kave},
  journal={ACM SIGCOMM Computer Communication Review},
  volume={36},
  number={2},
  pages={23--26},
  year={2006},
  publisher={ACM}
}
@inproceedings{ester1996density,
  title={A density-based algorithm for discovering clusters in large spatial databases with noise[C].},
  author={Ester, Martin and Kriegel, Hans-Peter and Sander, J{\"o}rg and Xu, Xiaowei and others},
  booktitle={Kdd},
  volume={96},
  number={34},
  pages={226--231},
  year={1996}
}
@inproceedings{cheeseman1993autoclass,
  title={Autoclass: A Bayesian classification system[C]},
  author={Cheeseman, Peter and Kelly, James and Self, Matthew and Stutz, John and Taylor, Will and Freeman, Don},
  booktitle={Readings in knowledge acquisition and learning},
  pages={431--441},
  year={1993},
  organization={Morgan Kaufmann Publishers Inc.}
}
@inproceedings{erman2006traffic,
  title={Traffic classification using clustering algorithms[C]},
  author={Erman, Jeffrey and Arlitt, Martin and Mahanti, Anirban},
  booktitle={Proceedings of the 2006 SIGCOMM workshop on Mining network data},
  pages={281--286},
  year={2006},
  organization={ACM}
}
@inproceedings{choi2012automated,
  title={Automated classifier generation for application-level mobile traffic identification[C]},
  author={Choi, Yeongrak and Chung, Jae Yoon and Park, Byungchul and Hong, James Won-Ki},
  booktitle={Network Operations and Management Symposium (NOMS), 2012 IEEE},
  pages={1075--1081},
  year={2012},
  organization={IEEE}
}
@article{mcculloch1943logical,
  title={A logical calculus of the ideas immanent in nervous activity[J]},
  author={McCulloch, Warren S and Pitts, Walter},
  journal={The bulletin of mathematical biophysics},
  volume={5},
  number={4},
  pages={115--133},
  year={1943},
  publisher={Springer}
}
@article{rosenblatt1958perceptron,
  title={The perceptron: A probabilistic model for information storage and organization in the brain[J].},
  author={Rosenblatt, Frank},
  journal={Psychological review},
  volume={65},
  number={6},
  pages={386},
  year={1958},
  publisher={American Psychological Association}
}
@techreport{rumelhart1985learning,
  title={Learning internal representations by error propagation[R]},
  author={Rumelhart, David E and Hinton, Geoffrey E and Williams, Ronald J},
  year={1985},
  institution={DTIC Document}
}
@article{lecun1989backpropagation,
  title={Backpropagation applied to handwritten zip code recognition[J]},
  author={LeCun, Yann and Boser, Bernhard and Denker, John S and Henderson, Donnie and Howard, Richard E and Hubbard, Wayne and Jackel, Lawrence D},
  journal={Neural computation},
  volume={1},
  number={4},
  pages={541--551},
  year={1989},
  publisher={MIT Press}
}
@article{lecun1998gradient,
  title={Gradient-based learning applied to document recognition[J]},
  author={LeCun, Yann and Bottou, L{\'e}on and Bengio, Yoshua and Haffner, Patrick},
  journal={Proceedings of the IEEE},
  volume={86},
  number={11},
  pages={2278--2324},
  year={1998},
  publisher={IEEE}
}
@article{hochreiter1997long,
  title={Long short-term memory[J]},
  author={Hochreiter, Sepp and Schmidhuber, J{\"u}rgen},
  journal={Neural computation},
  volume={9},
  number={8},
  pages={1735--1780},
  year={1997},
  publisher={MIT Press}
}
@article{hinton2006fast,
  title={A fast learning algorithm for deep belief nets[J]},
  author={Hinton, Geoffrey E and Osindero, Simon and Teh, Yee-Whye},
  journal={Neural computation},
  volume={18},
  number={7},
  pages={1527--1554},
  year={2006},
  publisher={MIT Press}
}
@inproceedings{krizhevsky2012imagenet,
  title={Imagenet classification with deep convolutional neural networks[C]},
  author={Krizhevsky, Alex and Sutskever, Ilya and Hinton, Geoffrey E},
  booktitle={Advances in neural information processing systems},
  pages={1097--1105},
  year={2012}
}
@article{hubel1962receptive,
  title={Receptive fields, binocular interaction and functional architecture in the cat's visual cortex[J]},
  author={Hubel, David H and Wiesel, Torsten N},
  journal={The Journal of physiology},
  volume={160},
  number={1},
  pages={106--154},
  year={1962},
  publisher={Wiley Online Library}
}
@incollection{fukushima1982neocognitron,
  title={Neocognitron: A self-organizing neural network model for a mechanism of visual pattern recognition[M]},
  author={Fukushima, Kunihiko and Miyake, Sei},
  booktitle={Competition and cooperation in neural nets},
  pages={267--285},
  year={1982},
  publisher={Springer}
}
@article{collobert2011natural,
  title={Natural language processing (almost) from scratch[J]},
  author={Collobert, Ronan and Weston, Jason and Bottou, L{\'e}on and Karlen, Michael and Kavukcuoglu, Koray and Kuksa, Pavel},
  journal={Journal of Machine Learning Research},
  volume={12},
  number={Aug},
  pages={2493--2537},
  year={2011}
}
@inproceedings{zhang2015character,
  title={Character-level convolutional networks for text classification[C]},
  author={Zhang, Xiang and Zhao, Junbo and LeCun, Yann},
  booktitle={Advances in neural information processing systems},
  pages={649--657},
  year={2015}
}
@inproceedings{dos2014deep,
  title={Deep Convolutional Neural Networks for Sentiment Analysis of Short Texts[C].},
  author={Dos Santos, C{\'\i}cero Nogueira and Gatti, Maira},
  booktitle={COLING},
  pages={69--78},
  year={2014}
}
@article{kim2014convolutional,
  title={Convolutional neural networks for sentence classification[J]},
  author={Kim, Yoon},
  journal={arXiv preprint arXiv:1408.5882},
  year={2014}
}
@inproceedings{falaki2010first,
  title={A first look at traffic on smartphones[C]},
  author={Falaki, Hossein and Lymberopoulos, Dimitrios and Mahajan, Ratul and Kandula, Srikanth and Estrin, Deborah},
  booktitle={Proceedings of the 10th ACM SIGCOMM conference on Internet measurement},
  pages={281--287},
  year={2010},
  organization={ACM}
}
@customf{statista1,
  addendum={Statistics number of smartphone users[EB/OL]. \\
  www.statista.com/statistics/330695.},
}

@customf{statista2,
  addendum={Statistics number of available apps in leading app stores[EB/OL]. \\
  www.statista.com/statistics/276623.},
}

@customf{AppsUsage,
  addendum={Mobile Apps Usage-Statistics and Trends[EB/OL]. \\
  www.go-globe.com/blog/mobile-apps-usage.},
}

@article{liu2013gearing,
  title={Gearing resource-poor mobile devices with powerful clouds: architectures, challenges, and applications[J]},
  author={Liu, Fangming and Shu, Peng and Jin, Hai and Ding, Linjie and Yu, Jie and Niu, Di and Li, Bo},
  journal={IEEE Wireless Communications},
  volume={20},
  number={3},
  pages={14--22},
  year={2013}
}

@article{dinh2013survey,
  title={A survey of mobile cloud computing: architecture, applications, and approaches[J]},
  author={Dinh, Hoang T and Lee, Chonho and Niyato, Dusit and Wang, Ping},
  journal={Wiley Wireless communications and mobile computing},
  volume={13},
  number={18},
  pages={1587--1611},
  year={2013}
}

@inproceedings{kwak2014dynamic,
  title={Dynamic speed scaling for energy minimization in delay-tolerant smartphone applications[C]},
  author={Kwak, Jeongho and Choi, Okyoung and Chong, Song and Mohapatra, Prasant},
  booktitle={IEEE Conference on Computer Communications (INFOCOM)},
  pages={2292--2300},
  year={2014}
}

@inproceedings{ding2013characterizing,
  title={Characterizing and modeling the impact of wireless signal strength on smartphone battery drain[J]},
  author={Ding, Ning and Wagner, Daniel and Chen, Xiaomeng and Pathak, Abhinav and Hu, Y Charlie and Rice, Andrew},
  booktitle={ACM SIGMETRICS Performance Evaluation Review},
  volume={41},
  number={1},
  pages={29--40},
  year={2013}
}

@inproceedings{schulman2010bartendr,
  title={Bartendr: a practical approach to energy-aware cellular data scheduling[C]},
  author={Schulman, Aaron and Navda, Vishnu and Ramjee, Ramachandran and Spring, Neil and Deshpande, Pralhad and Grunewald, Calvin and Jain, Kamal and Padmanabhan, Venkata N},
  booktitle={ACM international conference on Mobile computing and networking (MOBICOM)},
  pages={85--96},
  year={2010}
}

@customf{SmallCell,
  addendum={Femtocells-natural solution for offload[EB/OL]. http://scf.io/en/index.php.},
}

@customf{Cisco,
  addendum={Cisco Visual Networking Index[EB/OL]. \\
  http://www.cisco.com/c/en/us/solutions/collateral/service-provider/ \\
  visual-networking-index-vni/mobile-white-paper-c11-520862.html},
}

@article{kandula2015calendaring,
  title={Calendaring for wide area networks[J]},
  author={Kandula, Srikanth and Menache, Ishai and Schwartz, Roy and Babbula, Spandana Raj},
  journal={ACM SIGCOMM Computer Communication Review},
  volume={44},
  number={4},
  pages={515--526},
  year={2015}
}

@article{lee2015outatime,
  title={Outatime: Using speculation to enable low-latency continuous interaction for mobile cloud gaming[J]},
  author={Lee, Kyungmin and Chu, David and Cuervo, Eduardo and Kopf, Johannes and Wolman, Alec and Degtyarev, Yury and Grizan, Sergey and Flinn, Jason},
  journal={ACM GetMobile: Mobile Computing and Communications},
  volume={19},
  number={3},
  pages={14--17},
  year={2015}
}

@customf{Victor,
  addendum={Victor Bahl. Cloud 2020: Emergence of Micro Data Centers (Cloudlets) for Latency Sensitive Computing[R]. Microsoft Technical Report, 2015.},
}

@customf{Claudit,
  addendum={Claudit Project[EB/OL]. http://claudit.feld.cvut.cz/rtdata.php.},
}

@article{chang2015progressive,
  title={Progressive or Conservative: Rationally Allocate Cooperative Work in Mobile Social Networks[J]},
  author={Chang, Wei and Wu, Jie},
  journal={IEEE Transactions on Parallel and Distributed Systems (TPDS)},
  volume={26},
  number={7},
  pages={2020--2035},
  year={2015}
}

@inproceedings{xiao2015multi,
  title={Multi-task assignment for crowdsensing in mobile social networks[C]},
  author={Xiao, Mingjun and Wu, Jie and Huang, Liusheng and Wang, Yunsheng and Liu, Cong},
  booktitle={IEEE Conference on Computer Communications (INFOCOM)},
  pages={2227--2235},
  year={2015}
}

@article{ipeirotis2010analyzing,
  title={Analyzing the amazon mechanical turk marketplace[J]},
  author={Ipeirotis, Panagiotis G},
  journal={ACM XRDS: Crossroads, The ACM Magazine for Students},
  volume={17},
  number={2},
  pages={16--21},
  year={2010}
}

@inproceedings{difallah2015dynamics,
  title={The dynamics of micro-task crowdsourcing: The case of amazon mturk[C]},
  author={Difallah, Djellel Eddine and Catasta, Michele and Demartini, Gianluca and Ipeirotis, Panagiotis G and Cudr{\'e}-Mauroux, Philippe},
  booktitle={International Conference on World Wide Web (WWW)},
  pages={238--247},
  year={2015}
}

@customf{NGMN,
  addendum={Next Generation Mobile Network Alliance-5G White Paper[EB/OL]. \\
  www.ngmn.org/5g-white-paper/5g-white-paper.html.},
}

@customf{5gamericas,
  addendum={5gamericas-5G Technology Evolution Recommendations[EB/OL].  \\
  www.5gamericas.org/en/resources/white-papers/.},
}

@customf{IMT-2020,
  addendum={IMT-2020-White Paper on 5G Concept[EB/OL].
  www.imt-2020.cn/.},
}

@customf{ETSI,
  addendum={ETSI Industry Specification Group Mobile Edge Computing[EB/OL].  \\
  www.etsi.org/technologies-clusters/technologies/mobile-edge-computing.},
}

@article{asadi2014survey,
  title={A survey on device-to-device communication in cellular networks[J]},
  author={Asadi, Arash and Wang, Qing and Mancuso, Vincenzo},
  journal={IEEE Communications Surveys \& Tutorials},
  volume={16},
  number={4},
  pages={1801--1819},
  year={2014}
}

@article{george2015analytical,
  title={An analytical framework for device-to-device communication in cellular networks[J]},
  author={George, Geordie and Mungara, Ratheesh K and Lozano, Angel},
  journal={IEEE Transactions on Wireless Communications (TWC)},
  volume={14},
  number={11},
  pages={6297--6310},
  year={2015}
}

@article{pentikousis2013mobileflow,
  title={Mobileflow: Toward software-defined mobile networks[J]},
  author={Pentikousis, Kostas and Wang, Yan and Hu, Weihua},
  journal={IEEE Communications Magazine},
  volume={51},
  number={7},
  pages={44--53},
  year={2013}
}

@article{yang2015software,
  title={Software-defined and virtualized future mobile and wireless networks: A survey[J]},
  author={Yang, Mao and Li, Yong and Jin, Depeng and Zeng, Lieguang and Wu, Xin and Vasilakos, Athanasios V},
  journal={Springer Mobile Networks and Applications},
  volume={20},
  number={1},
  pages={4--18},
  year={2015}
}

@inproceedings{wen2012energy,
  title={Energy-optimal mobile application execution: Taming resource-poor mobile devices with cloud clones[C]},
  author={Wen, Yonggang and Zhang, Weiwen and Luo, Haiyun},
  booktitle={IEEE Conference on Computer Communications (INFOCOM)},
  pages={2716--2720},
  year={2012}
}

@article{sanaei2014heterogeneity,
  title={Heterogeneity in mobile cloud computing: taxonomy and open challenges[J]},
  author={Sanaei, Zohreh and Abolfazli, Saeid and Gani, Abdullah and Buyya, Rajkumar},
  journal={IEEE Communications Surveys \& Tutorials},
  volume={16},
  number={1},
  pages={369--392},
  year={2014}
}

@article{abolfazli2014cloud,
  title={Cloud-based augmentation for mobile devices: motivation, taxonomies, and open challenges[J]},
  author={Abolfazli, Saeid and Sanaei, Zohreh and Ahmed, Erfan and Gani, Abdullah and Buyya, Rajkumar},
  journal={IEEE Communications Surveys \& Tutorials},
  volume={16},
  number={1},
  pages={337--368},
  year={2014}
}

@inproceedings{cuervo2010maui,
  title={MAUI: making smartphones last longer with code offload[C]},
  author={Cuervo, Eduardo and Balasubramanian, Aruna and Cho, Dae-ki and Wolman, Alec and Saroiu, Stefan and Chandra, Ranveer and Bahl, Paramvir},
  booktitle={ACM international conference on Mobile systems, applications, and services (MOBISYS)},
  pages={49--62},
  year={2010}
}

@inproceedings{chun2011clonecloud,
  title={Clonecloud: elastic execution between mobile device and cloud[C]},
  author={Chun, Byung-Gon and Ihm, Sunghwan and Maniatis, Petros and Naik, Mayur and Patti, Ashwin},
  booktitle={ACM European conference on computer systems (EUROSYS)},
  pages={301--314},
  year={2011}
}

@article{satyanarayanan2009case,
  title={The case for vm-based cloudlets in mobile computing[J]},
  author={Satyanarayanan, Mahadev and Bahl, Paramvir and Caceres, Ram{\'o}n and Davies, Nigel},
  journal={IEEE Pervasive Computing},
  volume={8},
  number={4},
  pages={14--23},
  year={2009}
}

@article{huang2012dynamic,
  title={A dynamic offloading algorithm for mobile computing[J]},
  author={Huang, Dong and Wang, Ping and Niyato, Dusit},
  journal={IEEE Transactions on Wireless Communications (TWC)},
  volume={11},
  number={6},
  pages={1991--1995},
  year={2012}
}

@inproceedings{barbera2013offload,
  title={To offload or not to offload? the bandwidth and energy costs of mobile cloud computing[C]},
  author={Barbera, Marco and Kosta, Sokol and Mei, Alessandro and Stefa, Julinda},
  booktitle={IEEE Conference on Computer Communications (INFOCOM)},
  pages={1285--1293},
  year={2013}
}

@article{zhang2013energy,
  title={Energy-optimal mobile cloud computing under stochastic wireless channel[J]},
  author={Zhang, Weiwen and Wen, Yonggang and Guan, Ke and Kilper, Dan and Luo, Haiyun and Wu, Dapeng Oliver},
  journal={IEEE Transactions on Wireless Communications},
  volume={12},
  number={9},
  pages={4569--4581},
  year={2013}
}

@inproceedings{barbarossa2013joint,
  title={Joint allocation of computation and communication resources in multiuser mobile cloud computing[C]},
  author={Barbarossa, Sergio and Sardellitti, Stefania and Di Lorenzo, Paolo},
  booktitle={IEEE Workshop on Signal Processing Advances in Wireless Communications (SPAWC)},
  pages={26--30},
  year={2013}
}

@article{sardellitti2015joint,
  title={Joint optimization of radio and computational resources for multicell mobile-edge computing[J]},
  author={Sardellitti, Stefania and Scutari, Gesualdo and Barbarossa, Sergio},
  journal={IEEE Transactions on Signal and Information Processing over Networks (TSIPN)},
  volume={1},
  number={2},
  pages={89--103},
  year={2015}
}

@inproceedings{kosta2012thinkair,
  title={Thinkair: Dynamic resource allocation and parallel execution in the cloud for mobile code offloading[C]},
  author={Kosta, Sokol and Aucinas, Andrius and Hui, Pan and Mortier, Richard and Zhang, Xinwen},
  booktitle={IEEE Conference on Computer Communications (INFOCOM)},
  pages={945--953},
  year={2012}
}

@inproceedings{gordon2012comet,
  title={Comet: Code offload by migrating execution transparently[C]},
  author={Gordon, Mark S and Jamshidi, D Anoushe and Mahlke, Scott and Mao, Z Morley and Chen, Xu},
  booktitle={USENIX Symposium on Operating Systems Design and Implementation (OSDI)},
  pages={93--106},
  year={2012}
}

@article{yang2014techniques,
  title={Techniques to minimize state transfer costs for dynamic execution offloading in mobile cloud computing[J]},
  author={Yang, Seungjun and Kwon, Donghyun and Yi, Hayoon and Cho, Yeongpil and Kwon, Yongin and Paek, Yunheung},
  journal={IEEE Transactions on Mobile Computing (TMC)},
  volume={13},
  number={11},
  pages={2648--2660},
  year={2014}
}

@article{yang2013framework,
  title={A framework for partitioning and execution of data stream applications in mobile cloud computing[J]},
  author={Yang, Lei and Cao, Jiannong and Yuan, Yin and Li, Tao and Han, Andy and Chan, Alvin},
  journal={ACM SIGMETRICS Performance Evaluation Review},
  volume={40},
  number={4},
  pages={23--32},
  year={2013}
}

@inproceedings{kim2015dual,
  title={Dual-side dynamic controls for cost minimization in mobile cloud computing systems[C]},
  author={Kim, Yeongjin and Kwak, Jeongho and Chong, Song},
  booktitle={IEEE International Symposium on Modeling and Optimization in Mobile, Ad Hoc, and Wireless Networks (WIOPT)},
  pages={443--450},
  year={2015}
}

@article{ou2007effective,
  title={An effective offloading middleware for pervasive services on mobile devices[J]},
  author={Ou, Shumao and Yang, Kun and Zhang, Jie},
  journal={Elsevier Pervasive and Mobile Computing},
  volume={3},
  number={4},
  pages={362--385},
  year={2007}
}

@incollection{kemp2010cuckoo,
  title={Cuckoo: a computation offloading framework for smartphones[C]},
  author={Kemp, Roelof and Palmer, Nicholas and Kielmann, Thilo and Bal, Henri},
  booktitle={Springer Mobile Computing, Applications, and Services},
  pages={59--79},
  year={2010}
}

@incollection{giurgiu2009calling,
  title={Calling the cloud: enabling mobile phones as interfaces to cloud applications[C]},
  author={Giurgiu, Ioana and Riva, Oriana and Juric, Dejan and Krivulev, Ivan and Alonso, Gustavo},
  booktitle={Springer Middleware},
  pages={83--102},
  year={2009}
}

@inproceedings{zhang2010accurate,
  title={Accurate online power estimation and automatic battery behavior based power model generation for smartphones[C]},
  author={Zhang, Lide and Tiwana, Birjodh and Qian, Zhiyun and Wang, Zhaoguang and Dick, Robert P and Mao, Zhuoqing Morley and Yang, Lei},
  booktitle={IEEE/ACM/IFIP international conference on Hardware/software codesign and system synthesis (CODES+ISSS)},
  pages={105--114},
  year={2010}
}

@article{verbelen2013leveraging,
  title={Leveraging cloudlets for immersive collaborative applications[J]},
  author={Verbelen, Tim and Simoens, Pieter and De Turck, Filip and Dhoedt, Bart},
  journal={IEEE Pervasive Computing},
  volume={12},
  number={4},
  pages={30--38},
  year={2013}
}

@inproceedings{chi2014ad,
  title={Ad Hoc Cloudlet Based Cooperative Cloud Gaming[C]},
  author={Chi, Fangyuan and Wang, Xiaofei and Cai, Wei and Leung, Victor},
  booktitle={IEEE International Conference on Cloud Computing Technology and Science (CloudCom)},
  pages={190--197},
  year={2014}
}

@article{ma2014opportunities,
  title={Opportunities in mobile crowd sensing[J]},
  author={Ma, Huadong and Zhao, Dong and Yuan, Peiyan},
  journal={IEEE Communications Magazine},
  volume={52},
  number={8},
  pages={29--35},
  year={2014}
}

@inproceedings{truong2014stochastic,
  title={A Stochastic Workload Distribution Approach for an Ad Hoc Mobile Cloud[C]},
  author={Truong-Huu, Tram and Tham, Chen-Khong and Niyato, Dusit},
  booktitle={IEEE International Conference on Cloud Computing Technology and Science (CloudCom)},
  pages={174--181},
  year={2014}
}

@inproceedings{li2014can,
  title={Can mobile cloudlets support mobile applications?[C]},
  author={Li, Yujin and Wang, Wenye},
  booktitle={IEEE Conference on Computer Communications (INFOCOM)},
  pages={1060--1068},
  year={2014}
}

@inproceedings{liu2013exploring,
  title={Exploring the potential in practice for opportunistic networks amongst smart mobile devices[C]},
  author={Liu, Shu and Striegel, Aaron D},
  booktitle={ACM international conference on Mobile computing \& networking (MOBICOM)},
  pages={315--326},
  year={2013}
}

@inproceedings{liu2015performance,
  title={Performance and Energy Consumption Analysis of a Delay-Tolerant Network for Censorship-Resistant Communication[C]},
  author={Liu, Yue and Bild, David R and Adrian, David and Singh, Gulshan and Dick, Robert P and Wallach, Dan S and Mao, Z Morley},
  booktitle={ACM International Symposium on Mobile Ad Hoc Networking and Computing (MOBIHOC)},
  pages={257--266},
  year={2015}
}

@inproceedings{hu2014quality,
  title={Quality-aware traffic offloading in wireless networks[C]},
  author={Hu, Wenjie and Cao, Guohong},
  booktitle={ACM International Symposium on Mobile Ad Hoc Networking and Computing (MOBIHOC)},
  pages={277--286},
  year={2014}
}

@article{iosifidis2014incentive,
  title={Incentive mechanisms for user-provided networks[J]},
  author={Iosifidis, George and Gao, Lin and Huang, Jianwei and Tassiulas, Leandros},
  journal={IEEE Communications Magazine},
  volume={52},
  number={9},
  pages={20--27},
  year={2014}
}

@inproceedings{shi2012serendipity,
  title={Serendipity: enabling remote computing among intermittently connected mobile devices[C]},
  author={Shi, Cong and Lakafosis, Vasileios and Ammar, Mostafa H and Zegura, Ellen W},
  booktitle={ACM International Symposium on Mobile Ad Hoc Networking and Computing (MOBIHOC)},
  pages={145--154},
  year={2012}
}

@inproceedings{mtibaa2013towards,
  title={Towards computational offloading in mobile device clouds[C]},
  author={Mtibaa, Abdellatif and Harras, Khaled A and Fahim, Amr},
  booktitle={IEEE International Conference on Cloud Computing Technology and Science (CloudCom)},
  volume={1},
  pages={331--338},
  year={2013}
}

@inproceedings{ning2015mobile,
  title={Mobile storm: Distributed real-time stream processing for mobile clouds[C]},
  author={Ning, Qian and Chen, Chien-An and Stoleru, Radu and Chen, Congcong},
  booktitle={IEEE International Conference on Cloud Networking (CloudNet)},
  pages={139--145},
  year={2015}
}

@article{hew2008cooperative,
  title={Cooperative resource allocation games in shared networks: symmetric and asymmetric fair bargaining models[J]},
  author={Hew, Siew-Lee and White, Langford B},
  journal={IEEE Transactions on Wireless Communications (TWC)},
  volume={7},
  number={11},
  pages={4166--4175},
  year={2008}
}

@article{xu2009improving,
  title={Improving energy efficiency via probabilistic rate combination in 802.11 multi-rate wireless networks[J]},
  author={Xu, Yuedong and Lui, John CS and Chiu, Dah-Ming},
  journal={Elsevier Ad Hoc Networks},
  volume={7},
  number={7},
  pages={1370--1385},
  year={2009}
}

@article{wu2013flashlinq,
  title={FlashLinQ: A synchronous distributed scheduler for peer-to-peer ad hoc networks[J]},
  author={Wu, Xinzhou and Tavildar, Saurabha and Shakkottai, Sanjay and Richardson, Tom and Li, Junyi and Laroia, Rajiv and Jovicic, Aleksandar},
  journal={IEEE/ACM Transactions on Networking (TON)},
  volume={21},
  number={4},
  pages={1215--1228},
  year={2013}
}

@inproceedings{yu2009performance,
  title={On the performance of device-to-device underlay communication with simple power control[C]},
  author={Yu, Chia-Hao and Tirkkonen, Olav and Doppler, Klaus and Ribeiro, C{\'a}ssio},
  booktitle={IEEE Vehicular Technology Conference (VTC)},
  pages={1--5},
  year={2009}
}

@article{kim2015stabilizing,
  title={Stabilizing CPU frequency and voltage for temperature-aware DVFS in mobile devices[J]},
  author={Kim, Jae Min and Kim, Young Geun and Chung, Sung Woo},
  journal={IEEE Transactions on Computers (TOC)},
  volume={64},
  number={1},
  pages={286--292},
  year={2015}
}

@article{neely2010stochastic,
  title={Stochastic network optimization with application to communication and queueing systems [J]},
  author={Neely, Michael J},
  journal={Morgan \& Claypool Publishers Synthesis Lectures on Communication Networks},
  volume={3},
  number={1},
  pages={1--211},
  year={2010}
}

@article{kuhn1955hungarian,
  title={The Hungarian method for the assignment problem[J]},
  author={Kuhn, Harold W},
  journal={Wiley Naval research logistics quarterly},
  volume={2},
  number={1-2},
  pages={83--97},
  year={1955}
}

@book{gabow1990data,
  title={Data structures for weighted matching and nearest common ancestors with linking[M]},
  author={Gabow, Harold N},
  year={1990},
  publisher={University of Colorado, Boulder, Department of Computer Science}
}

@article{posta2012exact,
  title={An exact method with variable fixing for solving the generalized assignment problem[J]},
  author={Posta, Marius and Ferland, Jacques A and Michelon, Philippe},
  journal={Springer Computational Optimization and Applications},
  volume={52},
  number={3},
  pages={629--644},
  year={2012}
}

@article{shmoys1993approximation,
  title={An approximation algorithm for the generalized assignment problem[J]},
  author={Shmoys, David B and Tardos, {\'E}va},
  journal={Springer Mathematical programming},
  volume={62},
  number={1-3},
  pages={461--474},
  year={1993}
}

@inproceedings{malpani2000leader,
  title={Leader election algorithms for mobile ad hoc networks[C]},
  author={Malpani, Navneet and Welch, Jennifer L and Vaidya, Nitin},
  booktitle={ACM international workshop on Discrete algorithms and methods for mobile computing and communications},
  pages={96--103},
  year={2000}
}

@article{aysal2009broadcast,
  title={Broadcast gossip algorithms for consensus},
  author={Aysal, Tuncer Can and Yildiz, Mehmet Ercan and Sarwate, Anand D and Scaglione, Anna[J]},
  journal={IEEE Transactions on Signal Processing},
  volume={57},
  number={7},
  pages={2748--2761},
  year={2009}
}

@inproceedings{keranen2009one,
  title={The ONE simulator for DTN protocol evaluation[C]},
  author={Ker{\"a}nen, Ari and Ott, J{\"o}rg and K{\"a}rkk{\"a}inen, Teemu},
  booktitle={International conference on simulation tools and techniques},
  pages={55},
  year={2009}
}

@inproceedings{ekman2008working,
  title={Working day movement model[C]},
  author={Ekman, Frans and Ker{\"a}nen, Ari and Karvo, Jouni and Ott, J{\"o}rg},
  booktitle={ACM SIGMOBILE workshop on Mobility models},
  pages={33--40},
  year={2008}
}

@article{chaintreau2007impact,
  title={Impact of human mobility on opportunistic forwarding algorithms[C]},
  author={Chaintreau, Augustin and Hui, Pan and Crowcroft, Jon and Diot, Christophe and Gass, Richard and Scott, James},
  journal={IEEE Transactions on Mobile Computing (TMC)},
  volume={6},
  number={6},
  pages={606--620},
  year={2007}
}

@article{hui2011bubble,
  title={Bubble rap: Social-based forwarding in delay-tolerant networks[J]},
  author={Hui, Pan and Crowcroft, Jon and Yoneki, Eiko},
  journal={IEEE Transactions on Mobile Computing (TMC)},
  volume={10},
  number={11},
  pages={1576--1589},
  year={2011}
}

@article{kayastha2011applications,
  title={Applications, architectures, and protocol design issues for mobile social networks: A survey[J]},
  author={Kayastha, Nipendra and Niyato, Dusit and Wang, Ping and Hossain, Ekram},
  journal={Proceedings of the IEEE},
  volume={99},
  number={12},
  pages={2130--2158},
  year={2011}
}

@article{zhu2013survey,
  title={A survey of social-based routing in delay tolerant networks: positive and negative social effects[J]},
  author={Zhu, Ying and Xu, Bin and Shi, Xinghua and Wang, Yu},
  journal={IEEE Communications Surveys \& Tutorials},
  volume={15},
  number={1},
  pages={387--401},
  year={2013}
}

@article{wei2014survey,
  title={A survey of social-aware routing protocols in delay tolerant networks: applications, taxonomy and design-related issues[J]},
  author={Wei, Kaimin and Liang, Xiao and Xu, Ke},
  journal={IEEE Communications Surveys \& Tutorials},
  volume={16},
  number={1},
  pages={556--578},
  year={2014}
}

@inproceedings{lin2012preference,
  title={Preference-aware content dissemination in opportunistic mobile social networks[C]},
  author={Lin, Kate Ching-Ju and Chen, Chun-Wei and Chou, Cheng-Fu},
  booktitle={IEEE Conference on Computer Communications (INFOCOM)},
  pages={1960--1968},
  year={2012}
}

@inproceedings{gao2011user,
  title={User-centric data dissemination in disruption tolerant networks[C]},
  author={Gao, Wei and Cao, Guohong},
  booktitle={IEEE Conference on Computer Communications (INFOCOM)},
  pages={3119--3127},
  year={2011}
}

@inproceedings{mtibaa2010peoplerank,
  title={Peoplerank: Social opportunistic forwarding[C]},
  author={Mtibaa, Abderrahmen and May, Martin and Diot, Christophe and Ammar, Mostafa},
  booktitle={IEEE Conference on Computer Communications (INFOCOM)},
  pages={1--5},
  year={2010}
}

@article{bulut2012exploiting,
  title={Exploiting friendship relations for efficient routing in mobile social networks[J]},
  author={Bulut, Eyuphan and Szymanski, Boleslaw K},
  journal={IEEE Transactions on Parallel and Distributed Systems (TPDS)},
  volume={23},
  number={12},
  pages={2254--2265},
  year={2012}
}

@inproceedings{pietilanen2012dissemination,
  title={Dissemination in opportunistic social networks: the role of temporal communities[C]},
  author={Pietil{\"a}nen, Anna-Kaisa and Diot, Christophe},
  booktitle={ACM International Symposium on Mobile Ad Hoc Networking and Computing (MOBIHOC)},
  pages={165--174},
  year={2012}
}

@article{costa2008socially,
  title={Socially-aware routing for publish-subscribe in delay-tolerant mobile ad hoc networks[J]},
  author={Costa, Paolo and Mascolo, Cecilia and Musolesi, Mirco and Picco, Gian Pietro},
  journal={IEEE Journal on Selected Areas in Communications (JSAC)},
  volume={26},
  number={5},
  pages={748--760},
  year={2008}
}

@article{han2012mobile,
  title={Mobile data offloading through opportunistic communications and social participation},
  author={Han, Bo and Hui, Pan and Kumar, VS Anil and Marathe, Madhav V and Shao, Jianhua and Srinivasan, Aravind},
  journal={IEEE Transactions on Mobile Computing (TMC)},
  volume={11},
  number={5},
  pages={821--834},
  year={2012}
}

@article{cha2009analyzing,
  title={Analyzing the video popularity characteristics of large-scale user generated content systems[J]},
  author={Cha, Meeyoung and Kwak, Haewoon and Rodriguez, Pablo and Ahn, Yong-Yeol and Moon, Sue},
  journal={IEEE/ACM Transactions on Networking (TON)},
  volume={17},
  number={5},
  pages={1357--1370},
  year={2009}
}

@inproceedings{ra2010energy,
  title={Energy-delay tradeoffs in smartphone applications[C]},
  author={Ra, Moo-Ryong and Paek, Jeongyeup and Sharma, Abhishek B and Govindan, Ramesh and Krieger, Martin H and Neely, Michael J},
  booktitle={ACM international conference on Mobile systems, applications, and services (MOBISYS)},
  pages={255--270},
  year={2010}
}

@article{zhang2014named,
  title={Named data networking[J]},
  author={Zhang, Lixia and Afanasyev, Alexander and Burke, Jeffrey and Jacobson, Van and Crowley, Patrick and Papadopoulos, Christos and Wang, Lan and Zhang, Beichuan and others},
  journal={ACM SIGCOMM Computer Communication Review},
  volume={44},
  number={3},
  pages={66--73},
  year={2014}
}

@inproceedings{garcia2014name,
  title={Name-based content routing in information centric networks using distance information[C]},
  author={Garcia-Luna-Aceves, Jose J},
  booktitle={ACM international conference on Information centric networking (ICN)},
  pages={7--16},
  year={2014}
}

@inproceedings{li2009mops,
  title={MOPS: Providing content-based service in disruption-tolerant networks[C]},
  author={Li, Feng and Wu, Jie},
  booktitle={International Conference on Distributed Computing Systems (ICDCS)},
  pages={526--533},
  year={2009},
  organization={IEEE}
}

@inproceedings{lu2014information,
  title={Information-centric delay-tolerant mobile ad-hoc networks[C]},
  author={Lu, You and Li, Xiao and Yu, Yu-Ting and Gerla, Mario},
  booktitle={IEEE Conference on Computer Communications Workshops (INFOCOM WKSHPS)},
  pages={428--433},
  year={2014}
}

@inproceedings{chen2010mobicent,
  title={Mobicent: a credit-based incentive system for disruption tolerant network[C]},
  author={Chen, Bin and Chan, Mun Choon},
  booktitle={IEEE Conference on Computer Communications (INFOCOM)},
  pages={1--9},
  year={2010}
}

@inproceedings{ning2013self,
  title={Self-interest-driven incentives for ad dissemination in autonomous mobile social networks[C]},
  author={Ning, Ting and Yang, Zhipeng and Wu, Hongyi and Han, Zhu},
  booktitle={IEEE Conference on Computer Communications (INFOCOM)},
  pages={2310--2318},
  year={2013}
}

@inproceedings{yang2012circle,
  title={Circle-based recommendation in online social networks[C]},
  author={Yang, Xiwang and Steck, Harald and Liu, Yong},
  booktitle={ACM SIGKDD international conference on Knowledge discovery and data mining (SIGKDD)},
  pages={1267--1275},
  year={2012}
}

@article{mcpherson2001birds,
  title={Birds of a feather: Homophily in social networks[J]},
  author={McPherson, Miller and Smith-Lovin, Lynn and Cook, James M},
  journal={JSTOR Annual review of sociology},
  pages={415--444},
  year={2001}
}

@inproceedings{konstas2009social,
  title={On social networks and collaborative recommendation[C]},
  author={Konstas, Ioannis and Stathopoulos, Vassilios and Jose, Joemon M},
  booktitle={ACM SIGIR international conference on Research and development in information retrieval (SIGIR)},
  pages={195--202},
  year={2009}
}

@customf{NFD,
  addendum={NDN Forwarding Daemon[EB/OL]. \\
  http://named-data.net/doc/NFD/current/.},
}

@article{wang2014cache,
  title={Cache in the air: exploiting content caching and delivery techniques for 5G systems[J]},
  author={Wang, Xiaofei and Chen, Min and Taleb, Tarik and Ksentini, Adlen and Leung, Victor},
  journal={IEEE Communications Magazine},
  volume={52},
  number={2},
  pages={131--139},
  year={2014}
}

@inproceedings{trifunovic2013slicing,
  title={Slicing the battery pie: fair and efficient energy usage in device-to-device communication via role switching[C]},
  author={Trifunovic, Sacha and Picu, Andreea and Hossmann, Theus and Hummel, Karin Anna},
  booktitle={ACM MobiCom workshop on Challenged networks (CHANTS)},
  pages={31--36},
  year={2013}
}

@inproceedings{zheng2003asynchronous,
  title={Asynchronous wakeup for ad hoc networks[C]},
  author={Zheng, Rong and Hou, Jennifer C and Sha, Lui},
  booktitle={ACM international conference on Mobile computing and networking (MOBICOM)},
  pages={35--45},
  year={2003}
}

@customf{Dataset,
  addendum={Infocom06 and mit dataset[EB/OL]. http://crawdad.cs.dartmouth.edu.},
}

@customf{Last,
  addendum={Last.fm dataset[EB/OL]. http://grouplens.org/datasets/hetrec-2011/.},
}

@inproceedings{pitkanen2009searching,
  title={Searching for content in mobile DTNs[C]},
  author={Pitk{\"a}nen, Mikko and K{\"a}rkk{\"a}inen, Teemu and Greifenberg, Janico and Ott, J{\"o}rg},
  booktitle={IEEE International Conference on Pervasive Computing and Communications (PERCOM)},
  pages={1--10},
  year={2009}
}

@inproceedings{quinn2011human,
  title={Human computation: a survey and taxonomy of a growing field[C]},
  author={Quinn, Alexander J and Bederson, Benjamin B},
  booktitle={ACM SIGCHI conference on human factors in computing systems},
  pages={1403--1412},
  year={2011}
}

@customf{Amazon,
  addendum={Amazon Mechanical Turk[EB/OL]. https://www.mturk.com/mturk/welcome.},
}

@inproceedings{liu2010crowdsourcing,
  title={A crowdsourcing based mobile image translation and knowledge sharing service[C]},
  author={Liu, Yefeng and Lehdonvirta, Vili and Kleppe, Mieke and Alexandrova, Todorka and Kimura, Hiroaki and Nakajima, Tatsuo},
  booktitle={ACM International Conference on Mobile and Ubiquitous Multimedia},
  pages={6},
  year={2010}
}

@inproceedings{yuan2013time,
  title={Time-aware point-of-interest recommendation[C]},
  author={Yuan, Quan and Cong, Gao and Ma, Zongyang and Sun, Aixin and Thalmann, Nadia Magnenat},
  booktitle={ACM SIGIR international conference on Research and development in information retrieval (SIGIR)},
  pages={363--372},
  year={2013}
}

@inproceedings{nawaz2013parksense,
  title={Parksense: A smartphone based sensing system for on-street parking[C]},
  author={Nawaz, Sarfraz and Efstratiou, Christos and Mascolo, Cecilia},
  booktitle={ACM international conference on Mobile computing and networking (MOBICOM)},
  pages={75--86},
  year={2013}
}

@inproceedings{tuncay2013participant,
  title={Participant recruitment and data collection framework for opportunistic sensing: A comparative analysis[C]},
  author={Tuncay, Guliz S and Benincasa, Giacomo and Helmy, Ahmed},
  booktitle={ACM MobiCom workshop on Challenged networks (CHANTS)},
  pages={25--30},
  year={2013}
}

@article{gadiraju2015human,
  title={Human beyond the machine: challenges and opportunities of microtask crowdsourcing[J]},
  author={Gadiraju, Ujwal and Demartini, Gianluca and Kawase, Ricardo and Dietze, Stefan},
  journal={IEEE Intelligent Systems},
  volume={30},
  number={4},
  pages={81--85},
  year={2015}
}

@inproceedings{singla2013truthful,
  title={Truthful incentives in crowdsourcing tasks using regret minimization mechanisms[C]},
  author={Singla, Adish and Krause, Andreas},
  booktitle={International conference on World Wide Web (WWW)},
  pages={1167--1178},
  year={2013}
}

@article{picu2015dtn,
  title={Dtn-meteo: Forecasting the performance of dtn protocols under heterogeneous mobility[J]},
  author={Picu, Andreea and Spyropoulos, Thrasyvoulos},
  journal={IEEE/ACM Transactions on Networking (TON)},
  volume={23},
  number={2},
  pages={587--602},
  year={2015}
}

@article{faradani2011s,
  title={What's the Right Price? Pricing Tasks for Finishing on Time[J]},
  author={Faradani, Siamak and Hartmann, Bj{\"o}rn and Ipeirotis, Panagiotis G},
  journal={Human computation},
  volume={11},
  pages={11},
  year={2011}
}

@article{gao2014finish,
  title={Finish them!: Pricing algorithms for human computation[J]},
  author={Gao, Yihan and Parameswaran, Aditya},
  journal={Proceedings of the VLDB Endowment},
  volume={7},
  number={14},
  pages={1965--1976},
  year={2014}
}

@book{riley2006mathematical,
  title={Mathematical methods for physics and engineering: a comprehensive guide[M]},
  author={Riley, Kenneth Franklin and Hobson, Michael Paul and Bence, Stephen John},
  year={2006},
  publisher={Cambridge University Press}
}

@book{teschl2012ordinary,
  title={Ordinary differential equations and dynamical systems[M]},
  author={Teschl, Gerald},
  volume={140},
  year={2012},
  publisher={American Mathematical Soc.}
}

@article{fan2013geocommunity,
  title={Geocommunity-based broadcasting for data dissemination in mobile social networks[J]},
  author={Fan, Jialu and Chen, Jiming and Du, Yuan and Gao, Wei and Wu, Jie and Sun, Youxian},
  journal={IEEE Transactions on Parallel and Distributed Systems},
  volume={24},
  number={4},
  pages={734--743},
  year={2013}
}

@inproceedings{ioannidis2009optimal,
  title={Optimal and scalable distribution of content updates over a mobile social network[C]},
  author={Ioannidis, Stratis and Chaintreau, Augustin and Massoulie, Laurent},
  booktitle={IEEE Conference on Computer Communications (INFOCOM)},
  pages={1422--1430},
  year={2009}
}

@customf{Koblenz,
  addendum={Koblenz Network Collection[EB/OL]. http://konect.uni-koblenz.de.},
}

@article{blondel2008fast,
  title={Fast unfolding of communities in large networks[J]},
  author={Blondel, Vincent D and Guillaume, Jean-Loup and Lambiotte, Renaud and Lefebvre, Etienne},
  journal={Journal of statistical mechanics: theory and experiment},
  volume={2008},
  number={10},
  pages={10008},
  year={2008}
}

@article{newman2006modularity,
  title={Modularity and community structure in networks[J]},
  author={Newman, Mark EJ},
  journal={Proceedings of the national academy of sciences},
  volume={103},
  number={23},
  pages={8577--8582},
  year={2006},
  publisher={National Acad Sciences}
}

@incollection{babaioff2007knapsack,
  title={A knapsack secretary problem with applications[C]},
  author={Babaioff, Moshe and Immorlica, Nicole and Kempe, David and Kleinberg, Robert},
  booktitle={Approximation, randomization, and combinatorial optimization. Algorithms and techniques},
  pages={16--28},
  year={2007},
  publisher={Springer}
}